@article{Crenshaw2022,
  author  = {{Crenshaw}, J.~F},
  journal = {in prep.},
  year    = 2022
}

@article{Crossfield2014,
  author        = {{Crossfield}, I.~J.~M. and {Biller}, B. and {Schlieder}, J.~E. and {Deacon}, N.~R. and {Bonnefoy}, M. and {Homeier}, D. and {Allard}, F. and {Buenzli}, E. and {Henning}, Th. and {Brandner}, W. and {Goldman}, B. and {Kopytova}, T.},
  title         = {{A global cloud map of the nearest known brown dwarf}},
  journal       = {\nat},
  keywords      = {Astrophysics - Earth and Planetary Astrophysics, Astrophysics - Instrumentation and Methods for Astrophysics, Astrophysics - Solar and Stellar Astrophysics},
  year          = 2014,
  month         = jan,
  volume        = {505},
  number        = {7485},
  pages         = {654-656},
  doi           = {10.1038/nature12955},
  archiveprefix = {arXiv},
  eprint        = {1401.8145},
  primaryclass  = {astro-ph.EP},
  adsurl        = {https://ui.adsabs.harvard.edu/abs/2014Natur.505..654C},
  adsnote       = {Provided by the SAO/NASA Astrophysics Data System}
}

@article{Luger2021,
  author        = { {Luger}, Rodrigo and {Bedell}, Megan and {Foreman-Mackey}, Daniel and {Crossfield}, Ian J.~M. and {Zhao}, Lily L. and {Hogg}, David W.},
  title         = {{Mapping stellar surfaces III: An Efficient, Scalable, and Open-Source Doppler Imaging Model}},
  journal       = {arXiv e-prints},
  keywords      = {Astrophysics - Solar and Stellar Astrophysics, Astrophysics - Earth and Planetary Astrophysics, Astrophysics - Instrumentation and Methods for Astrophysics},
  year          = 2021,
  month         = oct,
  eid           = {arXiv:2110.06271},
  pages         = {arXiv:2110.06271},
  archiveprefix = {arXiv},
  eprint        = {2110.06271},
  primaryclass  = {astro-ph.SR},
  adsurl        = {https://ui.adsabs.harvard.edu/abs/2021arXiv211006271L},
  adsnote       = {Provided by the SAO/NASA Astrophysics Data System}
}

@article{Wagg2022,
  author   = {{Wagg}, T. and {Breivik}, K. and {de Mink}, S.~E.},
  title    = {{LEGWORK: A Python Package for Computing the Evolution and Detectability of Stellar-origin Gravitational-wave Sources with Space-based Detectors}},
  journal  = {\apjs},
  keywords = {Open source software, Gravitational waves, Gravitational wave detectors, Compact objects, Orbital evolution, White dwarf stars, Neutron stars, Stellar mass black holes, 1866, 678, 676, 288, 1178, 1799, 1108, 1611},
  year     = 2022,
  month    = jun,
  volume   = {260},
  number   = {2},
  eid      = {52},
  pages    = {52},
  doi      = {10.3847/1538-4365/ac5c52},
  adsurl   = {https://ui.adsabs.harvard.edu/abs/2022ApJS..260...52W},
  adsnote  = {Provided by the SAO/NASA Astrophysics Data System}
}